{
    "totalCustomers": {
      "currentYear": 1200,
      "previousYear": 1000,
      "percentChange": 20
    },
    "totalSales": {
      "currentYear": 150000,
      "previousYear": 130000,
      "percentChange": 15.38
    },
    "busyPeriods": [
      { "hour": "00:00", "sales": 5 },
      { "hour": "01:00", "sales": 3 },
      { "hour": "02:00", "sales": 2 },
      { "hour": "03:00", "sales": 1 },
      { "hour": "04:00", "sales": 1 },
      { "hour": "05:00", "sales": 2 },
      { "hour": "06:00", "sales": 5 },
      { "hour": "07:00", "sales": 10 },
      { "hour": "08:00", "sales": 20 },
      { "hour": "09:00", "sales": 30 },
      { "hour": "10:00", "sales": 40 },
      { "hour": "11:00", "sales": 50 },
      { "hour": "12:00", "sales": 60 },
      { "hour": "13:00", "sales": 55 },
      { "hour": "14:00", "sales": 50 },
      { "hour": "15:00", "sales": 45 },
      { "hour": "16:00", "sales": 40 },
      { "hour": "17:00", "sales": 35 },
      { "hour": "18:00", "sales": 30 },
      { "hour": "19:00", "sales": 25 },
      { "hour": "20:00", "sales": 20 },
      { "hour": "21:00", "sales": 15 },
      { "hour": "22:00", "sales": 10 },
      { "hour": "23:00", "sales": 5 }
    ],
    "monthlyIncome": [
      { "month": "2022-01", "income": 10000 },
      { "month": "2022-02", "income": 12000 },
      { "month": "2022-03", "income": 15000 },
      { "month": "2022-04", "income": 13000 },
      { "month": "2022-05", "income": 14000 },
      { "month": "2022-06", "income": 16000 },
      { "month": "2022-07", "income": 17000 },
      { "month": "2022-08", "income": 18000 },
      { "month": "2022-09", "income": 19000 },
      { "month": "2022-10", "income": 20000 },
      { "month": "2022-11", "income": 21000 },
      { "month": "2022-12", "income": 16000 },
      { "month": "2023-01", "income": 23000 },
      { "month": "2023-02", "income": 24000 },
      { "month": "2023-03", "income": 25000 },
      { "month": "2023-04", "income": 26000 },
      { "month": "2023-05", "income": 27000 },
      { "month": "2023-06", "income": 28000 },
      { "month": "2023-07", "income": 29000 },
      { "month": "2023-08", "income": 30000 },
      { "month": "2023-09", "income": 31000 },
      { "month": "2023-10", "income": 32000 },
      { "month": "2023-11", "income": 33000 },
      { "month": "2023-12", "income": 34000 }
    ],
    "topProducts": [
      { "product": "Product 1", "sales": 500 },
      { "product": "Product 2", "sales": 450 },
      { "product": "Product 3", "sales": 400 },
      { "product": "Product 4", "sales": 350 },
      { "product": "Product 5", "sales": 300 },
      { "product": "Product 6", "sales": 250 },
      { "product": "Product 7", "sales": 200 },
      { "product": "Product 8", "sales": 150 },
      { "product": "Product 9", "sales": 100 },
      { "product": "Product 10", "sales": 50 }
    ]
  }